<record><leader>00000cas a22000007a 4500</leader><controlfield tag="001">33465737</controlfield><controlfield tag="008">951110d194819uucauwr ne      0    0eng d</controlfield><datafield ind1=" " ind2=" " tag="010"><subfield code="a">sn 95062722 </subfield></datafield><datafield ind1=" " ind2=" " tag="040"><subfield code="a">CNK</subfield><subfield code="b">eng</subfield><subfield code="c">CNK</subfield><subfield code="d">OCLCQ</subfield><subfield code="d">OCLCF</subfield><subfield code="d">OCLCO</subfield></datafield><datafield ind1="1" ind2=" " tag="029"><subfield code="a">AU@</subfield><subfield code="b">000025881498</subfield></datafield><datafield ind1=" " ind2=" " tag="042"><subfield code="a">msc</subfield></datafield><datafield ind1="0" ind2="0" tag="245"><subfield code="a">Modesto journal and the valley citizen.</subfield></datafield><datafield ind1=" " ind2=" " tag="260"><subfield code="a">Modesto, Calif. :</subfield><subfield code="b">R. Calkins, Donald Calkins, Robert Calkins</subfield></datafield><datafield ind1=" " ind2=" " tag="300"><subfield code="a">v.</subfield></datafield><datafield ind1=" " ind2=" " tag="310"><subfield code="a">Weekly</subfield></datafield><datafield ind1="0" ind2=" " tag="362"><subfield code="a">Vol. 17, no. 27 (Jan. 1, 1948)-</subfield></datafield><datafield ind1=" " ind2="0" tag="651"><subfield code="a">Modesto (Calif.)</subfield><subfield code="v">Newspapers.</subfield></datafield><datafield ind1=" " ind2="7" tag="655"><subfield code="a">Newspapers.</subfield><subfield code="2">fast</subfield><subfield code="0">(OCoLC)fst01423814</subfield></datafield><datafield ind1=" " ind2="7" tag="651"><subfield code="a">California</subfield><subfield code="z">Modesto.</subfield><subfield code="2">fast</subfield><subfield code="0">(OCoLC)fst01207077</subfield></datafield><datafield ind1=" " ind2=" " tag="752"><subfield code="a">United States</subfield><subfield code="b">California</subfield><subfield code="c">Stanislaus</subfield><subfield code="d">Modesto.</subfield></datafield><datafield ind1="0" ind2="0" tag="780"><subfield code="t">Modesto journal</subfield><subfield code="w">(DLC)sn 98061091</subfield></datafield></record>